@article{ringdal_utstein_2008,
  title        = {The Utstein template for uniform reporting of data following major trauma: a joint revision by {SCANTEM}, {TARN}, {DGU}-{TR} and {RITG}},
  volume       = {16},
  issn         = {1757-7241},
  url          = {http://sjtrem.biomedcentral.com/articles/10.1186/1757-7241-16-7},
  doi          = {10.1186/1757-7241-16-7},
  shorttitle   = {The Utstein template for uniform reporting of data following major trauma},
  pages        = {7},
  number       = {1},
  journaltitle = {Scandinavian Journal of Trauma, Resuscitation and Emergency Medicine},
  shortjournal = {Scand J Trauma Resusc Emerg Med},
  author       = {Ringdal, Kjetil G. and Coats, Timothy J. and Lefering, Rolf and Di Bartolomeo, Stefano and Steen, Petter Andreas and Roise, Olav and Handolin, Lauri and Lossius, Hans Morten and (Tcd), Utstein {TCD} expert panel},
  urldate      = {2022-12-10},
  date         = {2008},
  langid       = {english}
}
